<?xml version="1.0" encoding="UTF-8"?><record xmlns="http://www.loc.gov/MARC21/slim" xmlns:cinclude="http://apache.org/cocoon/include/1.0" xmlns:zs="http://www.loc.gov/zing/srw/">
  <leader>00303nz  a2200121n  4500</leader>
  <controlfield tag="001">n  91039930 </controlfield>
  <controlfield tag="003">DLC</controlfield>
  <controlfield tag="005">19910424095710.8</controlfield>
  <controlfield tag="008">910423n| acannaab|          |n aaa ||| c</controlfield>
  <datafield tag="010" ind1=" " ind2=" ">
    <subfield code="a">n  91039930 </subfield>
  </datafield>
  <datafield tag="040" ind1=" " ind2=" ">
    <subfield code="a">ICU</subfield>
    <subfield code="c">ICU</subfield>
  </datafield>
  <datafield tag="100" ind1="1" ind2="0">
    <subfield code="a">Dumesny, Paul</subfield>
  </datafield>
  <datafield tag="670" ind1=" " ind2=" ">
    <subfield code="a">His Conservation des bois, 1902:</subfield>
    <subfield code="b">t.p. (Paul Dumesny)</subfield>
  </datafield>
</record>